%YAML 1.1
%TAG !u! tag:unity3d.com,2011:
--- !u!29 &1
OcclusionCullingSettings:
  m_ObjectHideFlags: 0
  serializedVersion: 2
  m_OcclusionBakeSettings:
    smallestOccluder: 5
    smallestHole: 0.25
    backfaceThreshold: 100
  m_SceneGUID: 00000000000000000000000000000000
  m_OcclusionCullingData: {fileID: 0}
--- !u!104 &2
RenderSettings:
  m_ObjectHideFlags: 0
  serializedVersion: 8
  m_Fog: 0
  m_FogColor: {r: 0.5, g: 0.5, b: 0.5, a: 1}
  m_FogMode: 3
  m_FogDensity: 0.01
  m_LinearFogStart: 0
  m_LinearFogEnd: 300
  m_AmbientSkyColor: {r: 0.212, g: 0.227, b: 0.259, a: 1}
  m_AmbientEquatorColor: {r: 0.114, g: 0.125, b: 0.133, a: 1}
  m_AmbientGroundColor: {r: 0.047, g: 0.043, b: 0.035, a: 1}
  m_AmbientIntensity: 1
  m_AmbientMode: 0
  m_SubtractiveShadowColor: {r: 0.42, g: 0.478, b: 0.627, a: 1}
  m_SkyboxMaterial: {fileID: 10304, guid: 0000000000000000f000000000000000, type: 0}
  m_HaloStrength: 0.5
  m_FlareStrength: 1
  m_FlareFadeSpeed: 3
  m_HaloTexture: {fileID: 0}
  m_SpotCookie: {fileID: 10001, guid: 0000000000000000e000000000000000, type: 0}
  m_DefaultReflectionMode: 0
  m_DefaultReflectionResolution: 128
  m_ReflectionBounces: 1
  m_ReflectionIntensity: 1
  m_CustomReflection: {fileID: 0}
  m_Sun: {fileID: 0}
  m_IndirectSpecularColor: {r: 0.44657815, g: 0.49641263, b: 0.5748163, a: 1}
--- !u!157 &3
LightmapSettings:
  m_ObjectHideFlags: 0
  serializedVersion: 11
  m_GIWorkflowMode: 1
  m_GISettings:
    serializedVersion: 2
    m_BounceScale: 1
    m_IndirectOutputScale: 1
    m_AlbedoBoost: 1
    m_TemporalCoherenceThreshold: 1
    m_EnvironmentLightingMode: 0
    m_EnableBakedLightmaps: 1
    m_EnableRealtimeLightmaps: 1
  m_LightmapEditorSettings:
    serializedVersion: 9
    m_Resolution: 2
    m_BakeResolution: 40
    m_TextureWidth: 1024
    m_TextureHeight: 1024
    m_AO: 0
    m_AOMaxDistance: 1
    m_CompAOExponent: 1
    m_CompAOExponentDirect: 0
    m_Padding: 2
    m_LightmapParameters: {fileID: 0}
    m_LightmapsBakeMode: 1
    m_TextureCompression: 1
    m_FinalGather: 0
    m_FinalGatherFiltering: 1
    m_FinalGatherRayCount: 256
    m_ReflectionCompression: 2
    m_MixedBakeMode: 2
    m_BakeBackend: 0
    m_PVRSampling: 1
    m_PVRDirectSampleCount: 32
    m_PVRSampleCount: 500
    m_PVRBounces: 2
    m_PVRFilterTypeDirect: 0
    m_PVRFilterTypeIndirect: 0
    m_PVRFilterTypeAO: 0
    m_PVRFilteringMode: 1
    m_PVRCulling: 1
    m_PVRFilteringGaussRadiusDirect: 1
    m_PVRFilteringGaussRadiusIndirect: 5
    m_PVRFilteringGaussRadiusAO: 2
    m_PVRFilteringAtrousPositionSigmaDirect: 0.5
    m_PVRFilteringAtrousPositionSigmaIndirect: 2
    m_PVRFilteringAtrousPositionSigmaAO: 1
    m_ShowResolutionOverlay: 1
  m_LightingDataAsset: {fileID: 112000002, guid: ca8f347fcb80e104aaf191fc00194206,
    type: 2}
  m_UseShadowmask: 1
--- !u!196 &4
NavMeshSettings:
  serializedVersion: 2
  m_ObjectHideFlags: 0
  m_BuildSettings:
    serializedVersion: 2
    agentTypeID: 0
    agentRadius: 0.5
    agentHeight: 2
    agentSlope: 45
    agentClimb: 0.4
    ledgeDropHeight: 0
    maxJumpAcrossDistance: 0
    minRegionArea: 2
    manualCellSize: 0
    cellSize: 0.16666667
    manualTileSize: 0
    tileSize: 256
    accuratePlacement: 0
    debug:
      m_Flags: 0
  m_NavMeshData: {fileID: 0}
--- !u!1 &167174889
GameObject:
  m_ObjectHideFlags: 0
  m_PrefabParentObject: {fileID: 0}
  m_PrefabInternal: {fileID: 0}
  serializedVersion: 5
  m_Component:
  - component: {fileID: 167174890}
  m_Layer: 0
  m_Name: Cave
  m_TagString: Untagged
  m_Icon: {fileID: 0}
  m_NavMeshLayer: 0
  m_StaticEditorFlags: 0
  m_IsActive: 1
--- !u!4 &167174890
Transform:
  m_ObjectHideFlags: 0
  m_PrefabParentObject: {fileID: 0}
  m_PrefabInternal: {fileID: 0}
  m_GameObject: {fileID: 167174889}
  m_LocalRotation: {x: 0, y: 0, z: 0, w: 1}
  m_LocalPosition: {x: -4.075486, y: -64.190254, z: 74.78316}
  m_LocalScale: {x: 1, y: 1, z: 1}
  m_Children:
  - {fileID: 610573450}
  - {fileID: 1461138948}
  - {fileID: 2028871875}
  - {fileID: 1136176345}
  - {fileID: 1856832130}
  - {fileID: 1738984190}
  - {fileID: 710402867}
  - {fileID: 720086114}
  - {fileID: 1046827864}
  m_Father: {fileID: 0}
  m_RootOrder: 7
  m_LocalEulerAnglesHint: {x: 0, y: 0, z: 0}
--- !u!1001 &537762694
Prefab:
  m_ObjectHideFlags: 0
  serializedVersion: 2
  m_Modification:
    m_TransformParent: {fileID: 0}
    m_Modifications:
    - target: {fileID: 4906470785357646, guid: cf19e6144a1bf224f8f6aae4d366d664, type: 2}
      propertyPath: m_LocalPosition.x
      value: 0
      objectReference: {fileID: 0}
    - target: {fileID: 4906470785357646, guid: cf19e6144a1bf224f8f6aae4d366d664, type: 2}
      propertyPath: m_LocalPosition.y
      value: 50
      objectReference: {fileID: 0}
    - target: {fileID: 4906470785357646, guid: cf19e6144a1bf224f8f6aae4d366d664, type: 2}
      propertyPath: m_LocalPosition.z
      value: 50
      objectReference: {fileID: 0}
    - target: {fileID: 4906470785357646, guid: cf19e6144a1bf224f8f6aae4d366d664, type: 2}
      propertyPath: m_LocalRotation.x
      value: 0
      objectReference: {fileID: 0}
    - target: {fileID: 4906470785357646, guid: cf19e6144a1bf224f8f6aae4d366d664, type: 2}
      propertyPath: m_LocalRotation.y
      value: 0
      objectReference: {fileID: 0}
    - target: {fileID: 4906470785357646, guid: cf19e6144a1bf224f8f6aae4d366d664, type: 2}
      propertyPath: m_LocalRotation.z
      value: 0
      objectReference: {fileID: 0}
    - target: {fileID: 4906470785357646, guid: cf19e6144a1bf224f8f6aae4d366d664, type: 2}
      propertyPath: m_LocalRotation.w
      value: 1
      objectReference: {fileID: 0}
    - target: {fileID: 4906470785357646, guid: cf19e6144a1bf224f8f6aae4d366d664, type: 2}
      propertyPath: m_RootOrder
      value: 6
      objectReference: {fileID: 0}
    m_RemovedComponents: []
  m_ParentPrefab: {fileID: 100100000, guid: cf19e6144a1bf224f8f6aae4d366d664, type: 2}
  m_IsPrefabParent: 0
--- !u!1001 &572414885
Prefab:
  m_ObjectHideFlags: 0
  serializedVersion: 2
  m_Modification:
    m_TransformParent: {fileID: 0}
    m_Modifications:
    - target: {fileID: 4357572791926506, guid: ce732ae87592ce049a8c2c3a2e6eabac, type: 2}
      propertyPath: m_LocalPosition.x
      value: 30
      objectReference: {fileID: 0}
    - target: {fileID: 4357572791926506, guid: ce732ae87592ce049a8c2c3a2e6eabac, type: 2}
      propertyPath: m_LocalPosition.y
      value: 0
      objectReference: {fileID: 0}
    - target: {fileID: 4357572791926506, guid: ce732ae87592ce049a8c2c3a2e6eabac, type: 2}
      propertyPath: m_LocalPosition.z
      value: 0
      objectReference: {fileID: 0}
    - target: {fileID: 4357572791926506, guid: ce732ae87592ce049a8c2c3a2e6eabac, type: 2}
      propertyPath: m_LocalRotation.x
      value: 0
      objectReference: {fileID: 0}
    - target: {fileID: 4357572791926506, guid: ce732ae87592ce049a8c2c3a2e6eabac, type: 2}
      propertyPath: m_LocalRotation.y
      value: 0
      objectReference: {fileID: 0}
    - target: {fileID: 4357572791926506, guid: ce732ae87592ce049a8c2c3a2e6eabac, type: 2}
      propertyPath: m_LocalRotation.z
      value: 0
      objectReference: {fileID: 0}
    - target: {fileID: 4357572791926506, guid: ce732ae87592ce049a8c2c3a2e6eabac, type: 2}
      propertyPath: m_LocalRotation.w
      value: 1
      objectReference: {fileID: 0}
    - target: {fileID: 4357572791926506, guid: ce732ae87592ce049a8c2c3a2e6eabac, type: 2}
      propertyPath: m_RootOrder
      value: 3
      objectReference: {fileID: 0}
    m_RemovedComponents: []
  m_ParentPrefab: {fileID: 100100000, guid: ce732ae87592ce049a8c2c3a2e6eabac, type: 2}
  m_IsPrefabParent: 0
--- !u!1001 &610573449
Prefab:
  m_ObjectHideFlags: 0
  serializedVersion: 2
  m_Modification:
    m_TransformParent: {fileID: 167174890}
    m_Modifications:
    - target: {fileID: 4928254222731810, guid: f6db8d52654e53b4e9dc9771b61b0d18, type: 2}
      propertyPath: m_LocalPosition.x
      value: -45
      objectReference: {fileID: 0}
    - target: {fileID: 4928254222731810, guid: f6db8d52654e53b4e9dc9771b61b0d18, type: 2}
      propertyPath: m_LocalPosition.y
      value: 50
      objectReference: {fileID: 0}
    - target: {fileID: 4928254222731810, guid: f6db8d52654e53b4e9dc9771b61b0d18, type: 2}
      propertyPath: m_LocalPosition.z
      value: -50
      objectReference: {fileID: 0}
    - target: {fileID: 4928254222731810, guid: f6db8d52654e53b4e9dc9771b61b0d18, type: 2}
      propertyPath: m_LocalRotation.x
      value: -0
      objectReference: {fileID: 0}
    - target: {fileID: 4928254222731810, guid: f6db8d52654e53b4e9dc9771b61b0d18, type: 2}
      propertyPath: m_LocalRotation.y
      value: -0
      objectReference: {fileID: 0}
    - target: {fileID: 4928254222731810, guid: f6db8d52654e53b4e9dc9771b61b0d18, type: 2}
      propertyPath: m_LocalRotation.z
      value: -0
      objectReference: {fileID: 0}
    - target: {fileID: 4928254222731810, guid: f6db8d52654e53b4e9dc9771b61b0d18, type: 2}
      propertyPath: m_LocalRotation.w
      value: 1
      objectReference: {fileID: 0}
    - target: {fileID: 4928254222731810, guid: f6db8d52654e53b4e9dc9771b61b0d18, type: 2}
      propertyPath: m_RootOrder
      value: 0
      objectReference: {fileID: 0}
    - target: {fileID: 4928254222731810, guid: f6db8d52654e53b4e9dc9771b61b0d18, type: 2}
      propertyPath: m_LocalScale.z
      value: 100
      objectReference: {fileID: 0}
    - target: {fileID: 4928254222731810, guid: f6db8d52654e53b4e9dc9771b61b0d18, type: 2}
      propertyPath: m_LocalScale.y
      value: 90
      objectReference: {fileID: 0}
    - target: {fileID: 4928254222731810, guid: f6db8d52654e53b4e9dc9771b61b0d18, type: 2}
      propertyPath: m_LocalScale.x
      value: 1
      objectReference: {fileID: 0}
    - target: {fileID: 1509541811626388, guid: f6db8d52654e53b4e9dc9771b61b0d18, type: 2}
      propertyPath: m_Name
      value: LeftBorder
      objectReference: {fileID: 0}
    - target: {fileID: 23106298503184934, guid: f6db8d52654e53b4e9dc9771b61b0d18,
        type: 2}
      propertyPath: m_Materials.Array.data[0]
      value: 
      objectReference: {fileID: 2100000, guid: 086905c5dda5bdb4da7ec0a29852b56a, type: 2}
    m_RemovedComponents: []
  m_ParentPrefab: {fileID: 100100000, guid: f6db8d52654e53b4e9dc9771b61b0d18, type: 2}
  m_IsPrefabParent: 0
--- !u!4 &610573450 stripped
Transform:
  m_PrefabParentObject: {fileID: 4928254222731810, guid: f6db8d52654e53b4e9dc9771b61b0d18,
    type: 2}
  m_PrefabInternal: {fileID: 610573449}
--- !u!4 &710402867 stripped
Transform:
  m_PrefabParentObject: {fileID: 4928254222731810, guid: f6db8d52654e53b4e9dc9771b61b0d18,
    type: 2}
  m_PrefabInternal: {fileID: 1503205644}
--- !u!4 &720086114 stripped
Transform:
  m_PrefabParentObject: {fileID: 4928254222731810, guid: f6db8d52654e53b4e9dc9771b61b0d18,
    type: 2}
  m_PrefabInternal: {fileID: 2144337520}
--- !u!1 &889733880
GameObject:
  m_ObjectHideFlags: 0
  m_PrefabParentObject: {fileID: 0}
  m_PrefabInternal: {fileID: 0}
  serializedVersion: 5
  m_Component:
  - component: {fileID: 889733881}
  - component: {fileID: 889733884}
  - component: {fileID: 889733883}
  - component: {fileID: 889733882}
  m_Layer: 0
  m_Name: Sphere (1)
  m_TagString: Untagged
  m_Icon: {fileID: 0}
  m_NavMeshLayer: 0
  m_StaticEditorFlags: 0
  m_IsActive: 1
--- !u!4 &889733881
Transform:
  m_ObjectHideFlags: 0
  m_PrefabParentObject: {fileID: 0}
  m_PrefabInternal: {fileID: 0}
  m_GameObject: {fileID: 889733880}
  m_LocalRotation: {x: -0, y: -0, z: -0, w: 1}
  m_LocalPosition: {x: 57.13198, y: -7.5068665, z: -65.61512}
  m_LocalScale: {x: 25, y: 25, z: 25}
  m_Children: []
  m_Father: {fileID: 1011768087}
  m_RootOrder: 1
  m_LocalEulerAnglesHint: {x: 0, y: 0, z: 0}
--- !u!23 &889733882
MeshRenderer:
  m_ObjectHideFlags: 0
  m_PrefabParentObject: {fileID: 0}
  m_PrefabInternal: {fileID: 0}
  m_GameObject: {fileID: 889733880}
  m_Enabled: 1
  m_CastShadows: 1
  m_ReceiveShadows: 1
  m_DynamicOccludee: 1
  m_MotionVectors: 1
  m_LightProbeUsage: 1
  m_ReflectionProbeUsage: 1
  m_Materials:
  - {fileID: 2100000, guid: 75d3976aa16224740adb2b4d31c727f0, type: 2}
  m_StaticBatchInfo:
    firstSubMesh: 0
    subMeshCount: 0
  m_StaticBatchRoot: {fileID: 0}
  m_ProbeAnchor: {fileID: 0}
  m_LightProbeVolumeOverride: {fileID: 0}
  m_ScaleInLightmap: 1
  m_PreserveUVs: 1
  m_IgnoreNormalsForChartDetection: 0
  m_ImportantGI: 0
  m_StitchLightmapSeams: 0
  m_SelectedEditorRenderState: 3
  m_MinimumChartSize: 4
  m_AutoUVMaxDistance: 0.5
  m_AutoUVMaxAngle: 89
  m_LightmapParameters: {fileID: 0}
  m_SortingLayerID: 0
  m_SortingLayer: 0
  m_SortingOrder: 0
--- !u!135 &889733883
SphereCollider:
  m_ObjectHideFlags: 0
  m_PrefabParentObject: {fileID: 0}
  m_PrefabInternal: {fileID: 0}
  m_GameObject: {fileID: 889733880}
  m_Material: {fileID: 0}
  m_IsTrigger: 0
  m_Enabled: 1
  serializedVersion: 2
  m_Radius: 0.5
  m_Center: {x: 0, y: 0, z: 0}
--- !u!33 &889733884
MeshFilter:
  m_ObjectHideFlags: 0
  m_PrefabParentObject: {fileID: 0}
  m_PrefabInternal: {fileID: 0}
  m_GameObject: {fileID: 889733880}
  m_Mesh: {fileID: 10207, guid: 0000000000000000e000000000000000, type: 0}
--- !u!1001 &916971900
Prefab:
  m_ObjectHideFlags: 0
  serializedVersion: 2
  m_Modification:
    m_TransformParent: {fileID: 0}
    m_Modifications:
    - target: {fileID: 4432561870444404, guid: f42aaf0319f581b40908391e06410854, type: 2}
      propertyPath: m_LocalPosition.x
      value: 0
      objectReference: {fileID: 0}
    - target: {fileID: 4432561870444404, guid: f42aaf0319f581b40908391e06410854, type: 2}
      propertyPath: m_LocalPosition.y
      value: 17.85
      objectReference: {fileID: 0}
    - target: {fileID: 4432561870444404, guid: f42aaf0319f581b40908391e06410854, type: 2}
      propertyPath: m_LocalPosition.z
      value: -53.2
      objectReference: {fileID: 0}
    - target: {fileID: 4432561870444404, guid: f42aaf0319f581b40908391e06410854, type: 2}
      propertyPath: m_LocalRotation.x
      value: 0.06104851
      objectReference: {fileID: 0}
    - target: {fileID: 4432561870444404, guid: f42aaf0319f581b40908391e06410854, type: 2}
      propertyPath: m_LocalRotation.y
      value: 0
      objectReference: {fileID: 0}
    - target: {fileID: 4432561870444404, guid: f42aaf0319f581b40908391e06410854, type: 2}
      propertyPath: m_LocalRotation.z
      value: 0
      objectReference: {fileID: 0}
    - target: {fileID: 4432561870444404, guid: f42aaf0319f581b40908391e06410854, type: 2}
      propertyPath: m_LocalRotation.w
      value: 0.99813485
      objectReference: {fileID: 0}
    - target: {fileID: 4432561870444404, guid: f42aaf0319f581b40908391e06410854, type: 2}
      propertyPath: m_RootOrder
      value: 0
      objectReference: {fileID: 0}
    - target: {fileID: 4432561870444404, guid: f42aaf0319f581b40908391e06410854, type: 2}
      propertyPath: m_LocalEulerAnglesHint.x
      value: 7
      objectReference: {fileID: 0}
    - target: {fileID: 4432561870444404, guid: f42aaf0319f581b40908391e06410854, type: 2}
      propertyPath: m_LocalEulerAnglesHint.y
      value: 0
      objectReference: {fileID: 0}
    - target: {fileID: 20868680629686902, guid: f42aaf0319f581b40908391e06410854,
        type: 2}
      propertyPath: orthographic
      value: 0
      objectReference: {fileID: 0}
    - target: {fileID: 20868680629686902, guid: f42aaf0319f581b40908391e06410854,
        type: 2}
      propertyPath: far clip plane
      value: 100
      objectReference: {fileID: 0}
    - target: {fileID: 20868680629686902, guid: f42aaf0319f581b40908391e06410854,
        type: 2}
      propertyPath: m_Depth
      value: 1
      objectReference: {fileID: 0}
    - target: {fileID: 20868680629686902, guid: f42aaf0319f581b40908391e06410854,
        type: 2}
      propertyPath: m_ClearFlags
      value: 2
      objectReference: {fileID: 0}
    m_RemovedComponents: []
  m_ParentPrefab: {fileID: 100100000, guid: f42aaf0319f581b40908391e06410854, type: 2}
  m_IsPrefabParent: 0
--- !u!1001 &943065176
Prefab:
  m_ObjectHideFlags: 0
  serializedVersion: 2
  m_Modification:
    m_TransformParent: {fileID: 0}
    m_Modifications:
    - target: {fileID: 4212002944714708, guid: 464c583ce4fc6a649b36fc26e816fd09, type: 2}
      propertyPath: m_LocalPosition.x
      value: 0
      objectReference: {fileID: 0}
    - target: {fileID: 4212002944714708, guid: 464c583ce4fc6a649b36fc26e816fd09, type: 2}
      propertyPath: m_LocalPosition.y
      value: -15
      objectReference: {fileID: 0}
    - target: {fileID: 4212002944714708, guid: 464c583ce4fc6a649b36fc26e816fd09, type: 2}
      propertyPath: m_LocalPosition.z
      value: 0
      objectReference: {fileID: 0}
    - target: {fileID: 4212002944714708, guid: 464c583ce4fc6a649b36fc26e816fd09, type: 2}
      propertyPath: m_LocalRotation.x
      value: 0
      objectReference: {fileID: 0}
    - target: {fileID: 4212002944714708, guid: 464c583ce4fc6a649b36fc26e816fd09, type: 2}
      propertyPath: m_LocalRotation.y
      value: 0
      objectReference: {fileID: 0}
    - target: {fileID: 4212002944714708, guid: 464c583ce4fc6a649b36fc26e816fd09, type: 2}
      propertyPath: m_LocalRotation.z
      value: 0
      objectReference: {fileID: 0}
    - target: {fileID: 4212002944714708, guid: 464c583ce4fc6a649b36fc26e816fd09, type: 2}
      propertyPath: m_LocalRotation.w
      value: 1
      objectReference: {fileID: 0}
    - target: {fileID: 4212002944714708, guid: 464c583ce4fc6a649b36fc26e816fd09, type: 2}
      propertyPath: m_RootOrder
      value: 5
      objectReference: {fileID: 0}
    - target: {fileID: 4212002944714708, guid: 464c583ce4fc6a649b36fc26e816fd09, type: 2}
      propertyPath: m_LocalScale.z
      value: 100
      objectReference: {fileID: 0}
    - target: {fileID: 4212002944714708, guid: 464c583ce4fc6a649b36fc26e816fd09, type: 2}
      propertyPath: m_LocalScale.x
      value: 200
      objectReference: {fileID: 0}
    m_RemovedComponents: []
  m_ParentPrefab: {fileID: 100100000, guid: 464c583ce4fc6a649b36fc26e816fd09, type: 2}
  m_IsPrefabParent: 0
--- !u!1 &950762407
GameObject:
  m_ObjectHideFlags: 0
  m_PrefabParentObject: {fileID: 0}
  m_PrefabInternal: {fileID: 0}
  serializedVersion: 5
  m_Component:
  - component: {fileID: 950762408}
  - component: {fileID: 950762411}
  - component: {fileID: 950762410}
  - component: {fileID: 950762409}
  m_Layer: 0
  m_Name: Sphere
  m_TagString: Untagged
  m_Icon: {fileID: 0}
  m_NavMeshLayer: 0
  m_StaticEditorFlags: 0
  m_IsActive: 1
--- !u!4 &950762408
Transform:
  m_ObjectHideFlags: 0
  m_PrefabParentObject: {fileID: 0}
  m_PrefabInternal: {fileID: 0}
  m_GameObject: {fileID: 950762407}
  m_LocalRotation: {x: -0, y: -0, z: -0, w: 1}
  m_LocalPosition: {x: 11.631985, y: -7.5068665, z: -101.71512}
  m_LocalScale: {x: 25, y: 25, z: 25}
  m_Children: []
  m_Father: {fileID: 1011768087}
  m_RootOrder: 0
  m_LocalEulerAnglesHint: {x: 0, y: 0, z: 0}
--- !u!23 &950762409
MeshRenderer:
  m_ObjectHideFlags: 0
  m_PrefabParentObject: {fileID: 0}
  m_PrefabInternal: {fileID: 0}
  m_GameObject: {fileID: 950762407}
  m_Enabled: 1
  m_CastShadows: 1
  m_ReceiveShadows: 1
  m_DynamicOccludee: 1
  m_MotionVectors: 1
  m_LightProbeUsage: 1
  m_ReflectionProbeUsage: 1
  m_Materials:
  - {fileID: 2100000, guid: 75d3976aa16224740adb2b4d31c727f0, type: 2}
  m_StaticBatchInfo:
    firstSubMesh: 0
    subMeshCount: 0
  m_StaticBatchRoot: {fileID: 0}
  m_ProbeAnchor: {fileID: 0}
  m_LightProbeVolumeOverride: {fileID: 0}
  m_ScaleInLightmap: 1
  m_PreserveUVs: 1
  m_IgnoreNormalsForChartDetection: 0
  m_ImportantGI: 0
  m_StitchLightmapSeams: 0
  m_SelectedEditorRenderState: 3
  m_MinimumChartSize: 4
  m_AutoUVMaxDistance: 0.5
  m_AutoUVMaxAngle: 89
  m_LightmapParameters: {fileID: 0}
  m_SortingLayerID: 0
  m_SortingLayer: 0
  m_SortingOrder: 0
--- !u!135 &950762410
SphereCollider:
  m_ObjectHideFlags: 0
  m_PrefabParentObject: {fileID: 0}
  m_PrefabInternal: {fileID: 0}
  m_GameObject: {fileID: 950762407}
  m_Material: {fileID: 0}
  m_IsTrigger: 0
  m_Enabled: 1
  serializedVersion: 2
  m_Radius: 0.5
  m_Center: {x: 0, y: 0, z: 0}
--- !u!33 &950762411
MeshFilter:
  m_ObjectHideFlags: 0
  m_PrefabParentObject: {fileID: 0}
  m_PrefabInternal: {fileID: 0}
  m_GameObject: {fileID: 950762407}
  m_Mesh: {fileID: 10207, guid: 0000000000000000e000000000000000, type: 0}
--- !u!1 &1011768086
GameObject:
  m_ObjectHideFlags: 0
  m_PrefabParentObject: {fileID: 0}
  m_PrefabInternal: {fileID: 0}
  serializedVersion: 5
  m_Component:
  - component: {fileID: 1011768087}
  m_Layer: 0
  m_Name: Obstructions
  m_TagString: Untagged
  m_Icon: {fileID: 0}
  m_NavMeshLayer: 0
  m_StaticEditorFlags: 0
  m_IsActive: 1
--- !u!4 &1011768087
Transform:
  m_ObjectHideFlags: 0
  m_PrefabParentObject: {fileID: 0}
  m_PrefabInternal: {fileID: 0}
  m_GameObject: {fileID: 1011768086}
  m_LocalRotation: {x: 0, y: 0, z: 0, w: 1}
  m_LocalPosition: {x: -20.531984, y: 7.5068665, z: 101.71512}
  m_LocalScale: {x: 1, y: 1, z: 1}
  m_Children:
  - {fileID: 950762408}
  - {fileID: 889733881}
  m_Father: {fileID: 0}
  m_RootOrder: 8
  m_LocalEulerAnglesHint: {x: 0, y: 0, z: 0}
--- !u!4 &1046827864 stripped
Transform:
  m_PrefabParentObject: {fileID: 4928254222731810, guid: f6db8d52654e53b4e9dc9771b61b0d18,
    type: 2}
  m_PrefabInternal: {fileID: 1674504848}
--- !u!1001 &1136176344
Prefab:
  m_ObjectHideFlags: 0
  serializedVersion: 2
  m_Modification:
    m_TransformParent: {fileID: 167174890}
    m_Modifications:
    - target: {fileID: 4928254222731810, guid: f6db8d52654e53b4e9dc9771b61b0d18, type: 2}
      propertyPath: m_LocalPosition.x
      value: 37.9
      objectReference: {fileID: 0}
    - target: {fileID: 4928254222731810, guid: f6db8d52654e53b4e9dc9771b61b0d18, type: 2}
      propertyPath: m_LocalPosition.y
      value: 99.5
      objectReference: {fileID: 0}
    - target: {fileID: 4928254222731810, guid: f6db8d52654e53b4e9dc9771b61b0d18, type: 2}
      propertyPath: m_LocalPosition.z
      value: -50
      objectReference: {fileID: 0}
    - target: {fileID: 4928254222731810, guid: f6db8d52654e53b4e9dc9771b61b0d18, type: 2}
      propertyPath: m_LocalRotation.x
      value: -0
      objectReference: {fileID: 0}
    - target: {fileID: 4928254222731810, guid: f6db8d52654e53b4e9dc9771b61b0d18, type: 2}
      propertyPath: m_LocalRotation.y
      value: -0
      objectReference: {fileID: 0}
    - target: {fileID: 4928254222731810, guid: f6db8d52654e53b4e9dc9771b61b0d18, type: 2}
      propertyPath: m_LocalRotation.z
      value: 0.74632794
      objectReference: {fileID: 0}
    - target: {fileID: 4928254222731810, guid: f6db8d52654e53b4e9dc9771b61b0d18, type: 2}
      propertyPath: m_LocalRotation.w
      value: 0.6655785
      objectReference: {fileID: 0}
    - target: {fileID: 4928254222731810, guid: f6db8d52654e53b4e9dc9771b61b0d18, type: 2}
      propertyPath: m_RootOrder
      value: 3
      objectReference: {fileID: 0}
    - target: {fileID: 4928254222731810, guid: f6db8d52654e53b4e9dc9771b61b0d18, type: 2}
      propertyPath: m_LocalScale.z
      value: 100
      objectReference: {fileID: 0}
    - target: {fileID: 4928254222731810, guid: f6db8d52654e53b4e9dc9771b61b0d18, type: 2}
      propertyPath: m_LocalScale.y
      value: -34.387566
      objectReference: {fileID: 0}
    - target: {fileID: 4928254222731810, guid: f6db8d52654e53b4e9dc9771b61b0d18, type: 2}
      propertyPath: m_LocalScale.x
      value: 1
      objectReference: {fileID: 0}
    - target: {fileID: 1509541811626388, guid: f6db8d52654e53b4e9dc9771b61b0d18, type: 2}
      propertyPath: m_Name
      value: RightBorder (2)
      objectReference: {fileID: 0}
    - target: {fileID: 4928254222731810, guid: f6db8d52654e53b4e9dc9771b61b0d18, type: 2}
      propertyPath: m_LocalEulerAnglesHint.y
      value: 0
      objectReference: {fileID: 0}
    - target: {fileID: 4928254222731810, guid: f6db8d52654e53b4e9dc9771b61b0d18, type: 2}
      propertyPath: m_LocalEulerAnglesHint.x
      value: 0
      objectReference: {fileID: 0}
    - target: {fileID: 4928254222731810, guid: f6db8d52654e53b4e9dc9771b61b0d18, type: 2}
      propertyPath: m_LocalEulerAnglesHint.z
      value: 96.547005
      objectReference: {fileID: 0}
    - target: {fileID: 23106298503184934, guid: f6db8d52654e53b4e9dc9771b61b0d18,
        type: 2}
      propertyPath: m_Materials.Array.data[0]
      value: 
      objectReference: {fileID: 2100000, guid: 086905c5dda5bdb4da7ec0a29852b56a, type: 2}
    m_RemovedComponents: []
  m_ParentPrefab: {fileID: 100100000, guid: f6db8d52654e53b4e9dc9771b61b0d18, type: 2}
  m_IsPrefabParent: 0
--- !u!4 &1136176345 stripped
Transform:
  m_PrefabParentObject: {fileID: 4928254222731810, guid: f6db8d52654e53b4e9dc9771b61b0d18,
    type: 2}
  m_PrefabInternal: {fileID: 1136176344}
--- !u!1001 &1266009743
Prefab:
  m_ObjectHideFlags: 0
  serializedVersion: 2
  m_Modification:
    m_TransformParent: {fileID: 0}
    m_Modifications:
    - target: {fileID: 4638733190344584, guid: 65a05276e4ad4f94f81253d5264d7881, type: 2}
      propertyPath: m_LocalPosition.x
      value: -25
      objectReference: {fileID: 0}
    - target: {fileID: 4638733190344584, guid: 65a05276e4ad4f94f81253d5264d7881, type: 2}
      propertyPath: m_LocalPosition.y
      value: 0
      objectReference: {fileID: 0}
    - target: {fileID: 4638733190344584, guid: 65a05276e4ad4f94f81253d5264d7881, type: 2}
      propertyPath: m_LocalPosition.z
      value: 0
      objectReference: {fileID: 0}
    - target: {fileID: 4638733190344584, guid: 65a05276e4ad4f94f81253d5264d7881, type: 2}
      propertyPath: m_LocalRotation.x
      value: 0
      objectReference: {fileID: 0}
    - target: {fileID: 4638733190344584, guid: 65a05276e4ad4f94f81253d5264d7881, type: 2}
      propertyPath: m_LocalRotation.y
      value: 0
      objectReference: {fileID: 0}
    - target: {fileID: 4638733190344584, guid: 65a05276e4ad4f94f81253d5264d7881, type: 2}
      propertyPath: m_LocalRotation.z
      value: 0
      objectReference: {fileID: 0}
    - target: {fileID: 4638733190344584, guid: 65a05276e4ad4f94f81253d5264d7881, type: 2}
      propertyPath: m_LocalRotation.w
      value: 1
      objectReference: {fileID: 0}
    - target: {fileID: 4638733190344584, guid: 65a05276e4ad4f94f81253d5264d7881, type: 2}
      propertyPath: m_RootOrder
      value: 2
      objectReference: {fileID: 0}
    m_RemovedComponents: []
  m_ParentPrefab: {fileID: 100100000, guid: 65a05276e4ad4f94f81253d5264d7881, type: 2}
  m_IsPrefabParent: 0
--- !u!1 &1424538606
GameObject:
  m_ObjectHideFlags: 0
  m_PrefabParentObject: {fileID: 0}
  m_PrefabInternal: {fileID: 0}
  serializedVersion: 5
  m_Component:
  - component: {fileID: 1424538610}
  - component: {fileID: 1424538609}
  - component: {fileID: 1424538608}
  - component: {fileID: 1424538607}
  m_Layer: 0
  m_Name: Capsule
  m_TagString: Untagged
  m_Icon: {fileID: 0}
  m_NavMeshLayer: 0
  m_StaticEditorFlags: 0
  m_IsActive: 1
--- !u!23 &1424538607
MeshRenderer:
  m_ObjectHideFlags: 0
  m_PrefabParentObject: {fileID: 0}
  m_PrefabInternal: {fileID: 0}
  m_GameObject: {fileID: 1424538606}
  m_Enabled: 1
  m_CastShadows: 1
  m_ReceiveShadows: 1
  m_DynamicOccludee: 1
  m_MotionVectors: 1
  m_LightProbeUsage: 1
  m_ReflectionProbeUsage: 1
  m_Materials:
  - {fileID: 2100000, guid: 75d3976aa16224740adb2b4d31c727f0, type: 2}
  m_StaticBatchInfo:
    firstSubMesh: 0
    subMeshCount: 0
  m_StaticBatchRoot: {fileID: 0}
  m_ProbeAnchor: {fileID: 0}
  m_LightProbeVolumeOverride: {fileID: 0}
  m_ScaleInLightmap: 1
  m_PreserveUVs: 1
  m_IgnoreNormalsForChartDetection: 0
  m_ImportantGI: 0
  m_StitchLightmapSeams: 0
  m_SelectedEditorRenderState: 3
  m_MinimumChartSize: 4
  m_AutoUVMaxDistance: 0.5
  m_AutoUVMaxAngle: 89
  m_LightmapParameters: {fileID: 0}
  m_SortingLayerID: 0
  m_SortingLayer: 0
  m_SortingOrder: 0
--- !u!136 &1424538608
CapsuleCollider:
  m_ObjectHideFlags: 0
  m_PrefabParentObject: {fileID: 0}
  m_PrefabInternal: {fileID: 0}
  m_GameObject: {fileID: 1424538606}
  m_Material: {fileID: 0}
  m_IsTrigger: 0
  m_Enabled: 1
  m_Radius: 0.5
  m_Height: 2
  m_Direction: 1
  m_Center: {x: 0, y: 0, z: 0}
--- !u!33 &1424538609
MeshFilter:
  m_ObjectHideFlags: 0
  m_PrefabParentObject: {fileID: 0}
  m_PrefabInternal: {fileID: 0}
  m_GameObject: {fileID: 1424538606}
  m_Mesh: {fileID: 10208, guid: 0000000000000000e000000000000000, type: 0}
--- !u!4 &1424538610
Transform:
  m_ObjectHideFlags: 0
  m_PrefabParentObject: {fileID: 0}
  m_PrefabInternal: {fileID: 0}
  m_GameObject: {fileID: 1424538606}
  m_LocalRotation: {x: 0, y: 0, z: 0, w: 1}
  m_LocalPosition: {x: 12.1, y: 32.6, z: 0}
  m_LocalScale: {x: 30, y: 20, z: 15}
  m_Children: []
  m_Father: {fileID: 0}
  m_RootOrder: 9
  m_LocalEulerAnglesHint: {x: 0, y: 0, z: 0}
--- !u!1001 &1446653600
Prefab:
  m_ObjectHideFlags: 0
  serializedVersion: 2
  m_Modification:
    m_TransformParent: {fileID: 0}
    m_Modifications:
    - target: {fileID: 4196382899200294, guid: e9901d731021c9448824b7702a53156a, type: 2}
      propertyPath: m_LocalPosition.x
      value: -25
      objectReference: {fileID: 0}
    - target: {fileID: 4196382899200294, guid: e9901d731021c9448824b7702a53156a, type: 2}
      propertyPath: m_LocalPosition.y
      value: 3
      objectReference: {fileID: 0}
    - target: {fileID: 4196382899200294, guid: e9901d731021c9448824b7702a53156a, type: 2}
      propertyPath: m_LocalPosition.z
      value: 0
      objectReference: {fileID: 0}
    - target: {fileID: 4196382899200294, guid: e9901d731021c9448824b7702a53156a, type: 2}
      propertyPath: m_LocalRotation.x
      value: 0
      objectReference: {fileID: 0}
    - target: {fileID: 4196382899200294, guid: e9901d731021c9448824b7702a53156a, type: 2}
      propertyPath: m_LocalRotation.y
      value: 0
      objectReference: {fileID: 0}
    - target: {fileID: 4196382899200294, guid: e9901d731021c9448824b7702a53156a, type: 2}
      propertyPath: m_LocalRotation.z
      value: 0
      objectReference: {fileID: 0}
    - target: {fileID: 4196382899200294, guid: e9901d731021c9448824b7702a53156a, type: 2}
      propertyPath: m_LocalRotation.w
      value: 1
      objectReference: {fileID: 0}
    - target: {fileID: 4196382899200294, guid: e9901d731021c9448824b7702a53156a, type: 2}
      propertyPath: m_RootOrder
      value: 4
      objectReference: {fileID: 0}
    m_RemovedComponents: []
  m_ParentPrefab: {fileID: 100100000, guid: e9901d731021c9448824b7702a53156a, type: 2}
  m_IsPrefabParent: 0
--- !u!1001 &1461138947
Prefab:
  m_ObjectHideFlags: 0
  serializedVersion: 2
  m_Modification:
    m_TransformParent: {fileID: 167174890}
    m_Modifications:
    - target: {fileID: 4928254222731810, guid: f6db8d52654e53b4e9dc9771b61b0d18, type: 2}
      propertyPath: m_LocalPosition.x
      value: 45
      objectReference: {fileID: 0}
    - target: {fileID: 4928254222731810, guid: f6db8d52654e53b4e9dc9771b61b0d18, type: 2}
      propertyPath: m_LocalPosition.y
      value: 50
      objectReference: {fileID: 0}
    - target: {fileID: 4928254222731810, guid: f6db8d52654e53b4e9dc9771b61b0d18, type: 2}
      propertyPath: m_LocalPosition.z
      value: -50
      objectReference: {fileID: 0}
    - target: {fileID: 4928254222731810, guid: f6db8d52654e53b4e9dc9771b61b0d18, type: 2}
      propertyPath: m_LocalRotation.x
      value: -0
      objectReference: {fileID: 0}
    - target: {fileID: 4928254222731810, guid: f6db8d52654e53b4e9dc9771b61b0d18, type: 2}
      propertyPath: m_LocalRotation.y
      value: -0
      objectReference: {fileID: 0}
    - target: {fileID: 4928254222731810, guid: f6db8d52654e53b4e9dc9771b61b0d18, type: 2}
      propertyPath: m_LocalRotation.z
      value: -0
      objectReference: {fileID: 0}
    - target: {fileID: 4928254222731810, guid: f6db8d52654e53b4e9dc9771b61b0d18, type: 2}
      propertyPath: m_LocalRotation.w
      value: 1
      objectReference: {fileID: 0}
    - target: {fileID: 4928254222731810, guid: f6db8d52654e53b4e9dc9771b61b0d18, type: 2}
      propertyPath: m_RootOrder
      value: 1
      objectReference: {fileID: 0}
    - target: {fileID: 4928254222731810, guid: f6db8d52654e53b4e9dc9771b61b0d18, type: 2}
      propertyPath: m_LocalScale.z
      value: 100
      objectReference: {fileID: 0}
    - target: {fileID: 4928254222731810, guid: f6db8d52654e53b4e9dc9771b61b0d18, type: 2}
      propertyPath: m_LocalScale.y
      value: 90
      objectReference: {fileID: 0}
    - target: {fileID: 4928254222731810, guid: f6db8d52654e53b4e9dc9771b61b0d18, type: 2}
      propertyPath: m_LocalScale.x
      value: 1
      objectReference: {fileID: 0}
    - target: {fileID: 1509541811626388, guid: f6db8d52654e53b4e9dc9771b61b0d18, type: 2}
      propertyPath: m_Name
      value: RightBorder
      objectReference: {fileID: 0}
    - target: {fileID: 23106298503184934, guid: f6db8d52654e53b4e9dc9771b61b0d18,
        type: 2}
      propertyPath: m_Materials.Array.data[0]
      value: 
      objectReference: {fileID: 2100000, guid: 086905c5dda5bdb4da7ec0a29852b56a, type: 2}
    m_RemovedComponents: []
  m_ParentPrefab: {fileID: 100100000, guid: f6db8d52654e53b4e9dc9771b61b0d18, type: 2}
  m_IsPrefabParent: 0
--- !u!4 &1461138948 stripped
Transform:
  m_PrefabParentObject: {fileID: 4928254222731810, guid: f6db8d52654e53b4e9dc9771b61b0d18,
    type: 2}
  m_PrefabInternal: {fileID: 1461138947}
--- !u!1001 &1503205644
Prefab:
  m_ObjectHideFlags: 0
  serializedVersion: 2
  m_Modification:
    m_TransformParent: {fileID: 167174890}
    m_Modifications:
    - target: {fileID: 4928254222731810, guid: f6db8d52654e53b4e9dc9771b61b0d18, type: 2}
      propertyPath: m_LocalPosition.x
      value: -10
      objectReference: {fileID: 0}
    - target: {fileID: 4928254222731810, guid: f6db8d52654e53b4e9dc9771b61b0d18, type: 2}
      propertyPath: m_LocalPosition.y
      value: 50
      objectReference: {fileID: 0}
    - target: {fileID: 4928254222731810, guid: f6db8d52654e53b4e9dc9771b61b0d18, type: 2}
      propertyPath: m_LocalPosition.z
      value: -31.1
      objectReference: {fileID: 0}
    - target: {fileID: 4928254222731810, guid: f6db8d52654e53b4e9dc9771b61b0d18, type: 2}
      propertyPath: m_LocalRotation.x
      value: -0
      objectReference: {fileID: 0}
    - target: {fileID: 4928254222731810, guid: f6db8d52654e53b4e9dc9771b61b0d18, type: 2}
      propertyPath: m_LocalRotation.y
      value: 0.5121581
      objectReference: {fileID: 0}
    - target: {fileID: 4928254222731810, guid: f6db8d52654e53b4e9dc9771b61b0d18, type: 2}
      propertyPath: m_LocalRotation.z
      value: -0
      objectReference: {fileID: 0}
    - target: {fileID: 4928254222731810, guid: f6db8d52654e53b4e9dc9771b61b0d18, type: 2}
      propertyPath: m_LocalRotation.w
      value: 0.85889125
      objectReference: {fileID: 0}
    - target: {fileID: 4928254222731810, guid: f6db8d52654e53b4e9dc9771b61b0d18, type: 2}
      propertyPath: m_RootOrder
      value: 6
      objectReference: {fileID: 0}
    - target: {fileID: 4928254222731810, guid: f6db8d52654e53b4e9dc9771b61b0d18, type: 2}
      propertyPath: m_LocalScale.z
      value: 100
      objectReference: {fileID: 0}
    - target: {fileID: 4928254222731810, guid: f6db8d52654e53b4e9dc9771b61b0d18, type: 2}
      propertyPath: m_LocalScale.y
      value: 450
      objectReference: {fileID: 0}
    - target: {fileID: 4928254222731810, guid: f6db8d52654e53b4e9dc9771b61b0d18, type: 2}
      propertyPath: m_LocalScale.x
      value: 1
      objectReference: {fileID: 0}
    - target: {fileID: 1509541811626388, guid: f6db8d52654e53b4e9dc9771b61b0d18, type: 2}
      propertyPath: m_Name
      value: LeftBorder (1)
      objectReference: {fileID: 0}
    - target: {fileID: 4928254222731810, guid: f6db8d52654e53b4e9dc9771b61b0d18, type: 2}
      propertyPath: m_LocalEulerAnglesHint.y
      value: 61.615
      objectReference: {fileID: 0}
    - target: {fileID: 23106298503184934, guid: f6db8d52654e53b4e9dc9771b61b0d18,
        type: 2}
      propertyPath: m_Materials.Array.data[0]
      value: 
      objectReference: {fileID: 2100000, guid: 086905c5dda5bdb4da7ec0a29852b56a, type: 2}
    m_RemovedComponents: []
  m_ParentPrefab: {fileID: 100100000, guid: f6db8d52654e53b4e9dc9771b61b0d18, type: 2}
  m_IsPrefabParent: 0
--- !u!1001 &1674504848
Prefab:
  m_ObjectHideFlags: 0
  serializedVersion: 2
  m_Modification:
    m_TransformParent: {fileID: 167174890}
    m_Modifications:
    - target: {fileID: 4928254222731810, guid: f6db8d52654e53b4e9dc9771b61b0d18, type: 2}
      propertyPath: m_LocalPosition.x
      value: 47.9
      objectReference: {fileID: 0}
    - target: {fileID: 4928254222731810, guid: f6db8d52654e53b4e9dc9771b61b0d18, type: 2}
      propertyPath: m_LocalPosition.y
      value: 50
      objectReference: {fileID: 0}
    - target: {fileID: 4928254222731810, guid: f6db8d52654e53b4e9dc9771b61b0d18, type: 2}
      propertyPath: m_LocalPosition.z
      value: -26.4
      objectReference: {fileID: 0}
    - target: {fileID: 4928254222731810, guid: f6db8d52654e53b4e9dc9771b61b0d18, type: 2}
      propertyPath: m_LocalRotation.x
      value: -0
      objectReference: {fileID: 0}
    - target: {fileID: 4928254222731810, guid: f6db8d52654e53b4e9dc9771b61b0d18, type: 2}
      propertyPath: m_LocalRotation.y
      value: 0.30496463
      objectReference: {fileID: 0}
    - target: {fileID: 4928254222731810, guid: f6db8d52654e53b4e9dc9771b61b0d18, type: 2}
      propertyPath: m_LocalRotation.z
      value: -0
      objectReference: {fileID: 0}
    - target: {fileID: 4928254222731810, guid: f6db8d52654e53b4e9dc9771b61b0d18, type: 2}
      propertyPath: m_LocalRotation.w
      value: 0.9523637
      objectReference: {fileID: 0}
    - target: {fileID: 4928254222731810, guid: f6db8d52654e53b4e9dc9771b61b0d18, type: 2}
      propertyPath: m_RootOrder
      value: 8
      objectReference: {fileID: 0}
    - target: {fileID: 4928254222731810, guid: f6db8d52654e53b4e9dc9771b61b0d18, type: 2}
      propertyPath: m_LocalScale.z
      value: 100.00012
      objectReference: {fileID: 0}
    - target: {fileID: 4928254222731810, guid: f6db8d52654e53b4e9dc9771b61b0d18, type: 2}
      propertyPath: m_LocalScale.y
      value: 450
      objectReference: {fileID: 0}
    - target: {fileID: 4928254222731810, guid: f6db8d52654e53b4e9dc9771b61b0d18, type: 2}
      propertyPath: m_LocalScale.x
      value: 1.0000005
      objectReference: {fileID: 0}
    - target: {fileID: 1509541811626388, guid: f6db8d52654e53b4e9dc9771b61b0d18, type: 2}
      propertyPath: m_Name
      value: LeftBorder (3)
      objectReference: {fileID: 0}
    - target: {fileID: 4928254222731810, guid: f6db8d52654e53b4e9dc9771b61b0d18, type: 2}
      propertyPath: m_LocalEulerAnglesHint.y
      value: 35.512
      objectReference: {fileID: 0}
    - target: {fileID: 23106298503184934, guid: f6db8d52654e53b4e9dc9771b61b0d18,
        type: 2}
      propertyPath: m_Materials.Array.data[0]
      value: 
      objectReference: {fileID: 2100000, guid: 086905c5dda5bdb4da7ec0a29852b56a, type: 2}
    m_RemovedComponents: []
  m_ParentPrefab: {fileID: 100100000, guid: f6db8d52654e53b4e9dc9771b61b0d18, type: 2}
  m_IsPrefabParent: 0
--- !u!1001 &1738984189
Prefab:
  m_ObjectHideFlags: 0
  serializedVersion: 2
  m_Modification:
    m_TransformParent: {fileID: 167174890}
    m_Modifications:
    - target: {fileID: 4928254222731810, guid: f6db8d52654e53b4e9dc9771b61b0d18, type: 2}
      propertyPath: m_LocalPosition.x
      value: -19.7
      objectReference: {fileID: 0}
    - target: {fileID: 4928254222731810, guid: f6db8d52654e53b4e9dc9771b61b0d18, type: 2}
      propertyPath: m_LocalPosition.y
      value: 96.6
      objectReference: {fileID: 0}
    - target: {fileID: 4928254222731810, guid: f6db8d52654e53b4e9dc9771b61b0d18, type: 2}
      propertyPath: m_LocalPosition.z
      value: -50
      objectReference: {fileID: 0}
    - target: {fileID: 4928254222731810, guid: f6db8d52654e53b4e9dc9771b61b0d18, type: 2}
      propertyPath: m_LocalRotation.x
      value: -0
      objectReference: {fileID: 0}
    - target: {fileID: 4928254222731810, guid: f6db8d52654e53b4e9dc9771b61b0d18, type: 2}
      propertyPath: m_LocalRotation.y
      value: -0
      objectReference: {fileID: 0}
    - target: {fileID: 4928254222731810, guid: f6db8d52654e53b4e9dc9771b61b0d18, type: 2}
      propertyPath: m_LocalRotation.z
      value: 0.8471176
      objectReference: {fileID: 0}
    - target: {fileID: 4928254222731810, guid: f6db8d52654e53b4e9dc9771b61b0d18, type: 2}
      propertyPath: m_LocalRotation.w
      value: 0.53140545
      objectReference: {fileID: 0}
    - target: {fileID: 4928254222731810, guid: f6db8d52654e53b4e9dc9771b61b0d18, type: 2}
      propertyPath: m_RootOrder
      value: 5
      objectReference: {fileID: 0}
    - target: {fileID: 4928254222731810, guid: f6db8d52654e53b4e9dc9771b61b0d18, type: 2}
      propertyPath: m_LocalScale.z
      value: 100
      objectReference: {fileID: 0}
    - target: {fileID: 4928254222731810, guid: f6db8d52654e53b4e9dc9771b61b0d18, type: 2}
      propertyPath: m_LocalScale.y
      value: -180.45584
      objectReference: {fileID: 0}
    - target: {fileID: 4928254222731810, guid: f6db8d52654e53b4e9dc9771b61b0d18, type: 2}
      propertyPath: m_LocalScale.x
      value: 1.0000002
      objectReference: {fileID: 0}
    - target: {fileID: 1509541811626388, guid: f6db8d52654e53b4e9dc9771b61b0d18, type: 2}
      propertyPath: m_Name
      value: RightBorder (4)
      objectReference: {fileID: 0}
    - target: {fileID: 4928254222731810, guid: f6db8d52654e53b4e9dc9771b61b0d18, type: 2}
      propertyPath: m_LocalEulerAnglesHint.y
      value: 0
      objectReference: {fileID: 0}
    - target: {fileID: 4928254222731810, guid: f6db8d52654e53b4e9dc9771b61b0d18, type: 2}
      propertyPath: m_LocalEulerAnglesHint.x
      value: 0
      objectReference: {fileID: 0}
    - target: {fileID: 4928254222731810, guid: f6db8d52654e53b4e9dc9771b61b0d18, type: 2}
      propertyPath: m_LocalEulerAnglesHint.z
      value: 115.799
      objectReference: {fileID: 0}
    - target: {fileID: 23106298503184934, guid: f6db8d52654e53b4e9dc9771b61b0d18,
        type: 2}
      propertyPath: m_Materials.Array.data[0]
      value: 
      objectReference: {fileID: 2100000, guid: 086905c5dda5bdb4da7ec0a29852b56a, type: 2}
    m_RemovedComponents: []
  m_ParentPrefab: {fileID: 100100000, guid: f6db8d52654e53b4e9dc9771b61b0d18, type: 2}
  m_IsPrefabParent: 0
--- !u!4 &1738984190 stripped
Transform:
  m_PrefabParentObject: {fileID: 4928254222731810, guid: f6db8d52654e53b4e9dc9771b61b0d18,
    type: 2}
  m_PrefabInternal: {fileID: 1738984189}
--- !u!1001 &1856832129
Prefab:
  m_ObjectHideFlags: 0
  serializedVersion: 2
  m_Modification:
    m_TransformParent: {fileID: 167174890}
    m_Modifications:
    - target: {fileID: 4928254222731810, guid: f6db8d52654e53b4e9dc9771b61b0d18, type: 2}
      propertyPath: m_LocalPosition.x
      value: 7.8
      objectReference: {fileID: 0}
    - target: {fileID: 4928254222731810, guid: f6db8d52654e53b4e9dc9771b61b0d18, type: 2}
      propertyPath: m_LocalPosition.y
      value: 100.3
      objectReference: {fileID: 0}
    - target: {fileID: 4928254222731810, guid: f6db8d52654e53b4e9dc9771b61b0d18, type: 2}
      propertyPath: m_LocalPosition.z
      value: -50
      objectReference: {fileID: 0}
    - target: {fileID: 4928254222731810, guid: f6db8d52654e53b4e9dc9771b61b0d18, type: 2}
      propertyPath: m_LocalRotation.x
      value: -0
      objectReference: {fileID: 0}
    - target: {fileID: 4928254222731810, guid: f6db8d52654e53b4e9dc9771b61b0d18, type: 2}
      propertyPath: m_LocalRotation.y
      value: -0
      objectReference: {fileID: 0}
    - target: {fileID: 4928254222731810, guid: f6db8d52654e53b4e9dc9771b61b0d18, type: 2}
      propertyPath: m_LocalRotation.z
      value: 0.646402
      objectReference: {fileID: 0}
    - target: {fileID: 4928254222731810, guid: f6db8d52654e53b4e9dc9771b61b0d18, type: 2}
      propertyPath: m_LocalRotation.w
      value: 0.7629971
      objectReference: {fileID: 0}
    - target: {fileID: 4928254222731810, guid: f6db8d52654e53b4e9dc9771b61b0d18, type: 2}
      propertyPath: m_RootOrder
      value: 4
      objectReference: {fileID: 0}
    - target: {fileID: 4928254222731810, guid: f6db8d52654e53b4e9dc9771b61b0d18, type: 2}
      propertyPath: m_LocalScale.z
      value: 100
      objectReference: {fileID: 0}
    - target: {fileID: 4928254222731810, guid: f6db8d52654e53b4e9dc9771b61b0d18, type: 2}
      propertyPath: m_LocalScale.y
      value: -34.387585
      objectReference: {fileID: 0}
    - target: {fileID: 4928254222731810, guid: f6db8d52654e53b4e9dc9771b61b0d18, type: 2}
      propertyPath: m_LocalScale.x
      value: 1.0000005
      objectReference: {fileID: 0}
    - target: {fileID: 1509541811626388, guid: f6db8d52654e53b4e9dc9771b61b0d18, type: 2}
      propertyPath: m_Name
      value: RightBorder (3)
      objectReference: {fileID: 0}
    - target: {fileID: 4928254222731810, guid: f6db8d52654e53b4e9dc9771b61b0d18, type: 2}
      propertyPath: m_LocalEulerAnglesHint.y
      value: 0
      objectReference: {fileID: 0}
    - target: {fileID: 4928254222731810, guid: f6db8d52654e53b4e9dc9771b61b0d18, type: 2}
      propertyPath: m_LocalEulerAnglesHint.x
      value: 0
      objectReference: {fileID: 0}
    - target: {fileID: 4928254222731810, guid: f6db8d52654e53b4e9dc9771b61b0d18, type: 2}
      propertyPath: m_LocalEulerAnglesHint.z
      value: 80.54201
      objectReference: {fileID: 0}
    - target: {fileID: 23106298503184934, guid: f6db8d52654e53b4e9dc9771b61b0d18,
        type: 2}
      propertyPath: m_Materials.Array.data[0]
      value: 
      objectReference: {fileID: 2100000, guid: 086905c5dda5bdb4da7ec0a29852b56a, type: 2}
    m_RemovedComponents: []
  m_ParentPrefab: {fileID: 100100000, guid: f6db8d52654e53b4e9dc9771b61b0d18, type: 2}
  m_IsPrefabParent: 0
--- !u!4 &1856832130 stripped
Transform:
  m_PrefabParentObject: {fileID: 4928254222731810, guid: f6db8d52654e53b4e9dc9771b61b0d18,
    type: 2}
  m_PrefabInternal: {fileID: 1856832129}
--- !u!1001 &1957351495
Prefab:
  m_ObjectHideFlags: 0
  serializedVersion: 2
  m_Modification:
    m_TransformParent: {fileID: 0}
    m_Modifications:
    - target: {fileID: 4481004144420844, guid: b7f613118b29f684da7a3bbb31e2fe7f, type: 2}
      propertyPath: m_LocalPosition.x
      value: -201.3
      objectReference: {fileID: 0}
    - target: {fileID: 4481004144420844, guid: b7f613118b29f684da7a3bbb31e2fe7f, type: 2}
      propertyPath: m_LocalPosition.y
      value: 23.4
      objectReference: {fileID: 0}
    - target: {fileID: 4481004144420844, guid: b7f613118b29f684da7a3bbb31e2fe7f, type: 2}
      propertyPath: m_LocalPosition.z
      value: 132.3
      objectReference: {fileID: 0}
    - target: {fileID: 4481004144420844, guid: b7f613118b29f684da7a3bbb31e2fe7f, type: 2}
      propertyPath: m_LocalRotation.x
      value: 0.40821788
      objectReference: {fileID: 0}
    - target: {fileID: 4481004144420844, guid: b7f613118b29f684da7a3bbb31e2fe7f, type: 2}
      propertyPath: m_LocalRotation.y
      value: 0.23456976
      objectReference: {fileID: 0}
    - target: {fileID: 4481004144420844, guid: b7f613118b29f684da7a3bbb31e2fe7f, type: 2}
      propertyPath: m_LocalRotation.z
      value: -0.10938167
      objectReference: {fileID: 0}
    - target: {fileID: 4481004144420844, guid: b7f613118b29f684da7a3bbb31e2fe7f, type: 2}
      propertyPath: m_LocalRotation.w
      value: 0.8754261
      objectReference: {fileID: 0}
    - target: {fileID: 4481004144420844, guid: b7f613118b29f684da7a3bbb31e2fe7f, type: 2}
      propertyPath: m_RootOrder
      value: 1
      objectReference: {fileID: 0}
    - target: {fileID: 4481004144420844, guid: b7f613118b29f684da7a3bbb31e2fe7f, type: 2}
      propertyPath: m_LocalEulerAnglesHint.y
      value: 30
      objectReference: {fileID: 0}
    m_RemovedComponents: []
  m_ParentPrefab: {fileID: 100100000, guid: b7f613118b29f684da7a3bbb31e2fe7f, type: 2}
  m_IsPrefabParent: 0
--- !u!1001 &2028871874
Prefab:
  m_ObjectHideFlags: 0
  serializedVersion: 2
  m_Modification:
    m_TransformParent: {fileID: 167174890}
    m_Modifications:
    - target: {fileID: 4928254222731810, guid: f6db8d52654e53b4e9dc9771b61b0d18, type: 2}
      propertyPath: m_LocalPosition.x
      value: 58.3
      objectReference: {fileID: 0}
    - target: {fileID: 4928254222731810, guid: f6db8d52654e53b4e9dc9771b61b0d18, type: 2}
      propertyPath: m_LocalPosition.y
      value: 73.3
      objectReference: {fileID: 0}
    - target: {fileID: 4928254222731810, guid: f6db8d52654e53b4e9dc9771b61b0d18, type: 2}
      propertyPath: m_LocalPosition.z
      value: -50
      objectReference: {fileID: 0}
    - target: {fileID: 4928254222731810, guid: f6db8d52654e53b4e9dc9771b61b0d18, type: 2}
      propertyPath: m_LocalRotation.x
      value: 0
      objectReference: {fileID: 0}
    - target: {fileID: 4928254222731810, guid: f6db8d52654e53b4e9dc9771b61b0d18, type: 2}
      propertyPath: m_LocalRotation.y
      value: 0
      objectReference: {fileID: 0}
    - target: {fileID: 4928254222731810, guid: f6db8d52654e53b4e9dc9771b61b0d18, type: 2}
      propertyPath: m_LocalRotation.z
      value: 0.38268343
      objectReference: {fileID: 0}
    - target: {fileID: 4928254222731810, guid: f6db8d52654e53b4e9dc9771b61b0d18, type: 2}
      propertyPath: m_LocalRotation.w
      value: 0.92387956
      objectReference: {fileID: 0}
    - target: {fileID: 4928254222731810, guid: f6db8d52654e53b4e9dc9771b61b0d18, type: 2}
      propertyPath: m_RootOrder
      value: 2
      objectReference: {fileID: 0}
    - target: {fileID: 4928254222731810, guid: f6db8d52654e53b4e9dc9771b61b0d18, type: 2}
      propertyPath: m_LocalScale.z
      value: 100
      objectReference: {fileID: 0}
    - target: {fileID: 4928254222731810, guid: f6db8d52654e53b4e9dc9771b61b0d18, type: 2}
      propertyPath: m_LocalScale.y
      value: 90
      objectReference: {fileID: 0}
    - target: {fileID: 4928254222731810, guid: f6db8d52654e53b4e9dc9771b61b0d18, type: 2}
      propertyPath: m_LocalScale.x
      value: 1
      objectReference: {fileID: 0}
    - target: {fileID: 1509541811626388, guid: f6db8d52654e53b4e9dc9771b61b0d18, type: 2}
      propertyPath: m_Name
      value: RightBorder (1)
      objectReference: {fileID: 0}
    - target: {fileID: 4928254222731810, guid: f6db8d52654e53b4e9dc9771b61b0d18, type: 2}
      propertyPath: m_LocalEulerAnglesHint.y
      value: 0
      objectReference: {fileID: 0}
    - target: {fileID: 4928254222731810, guid: f6db8d52654e53b4e9dc9771b61b0d18, type: 2}
      propertyPath: m_LocalEulerAnglesHint.x
      value: 0
      objectReference: {fileID: 0}
    - target: {fileID: 4928254222731810, guid: f6db8d52654e53b4e9dc9771b61b0d18, type: 2}
      propertyPath: m_LocalEulerAnglesHint.z
      value: 45
      objectReference: {fileID: 0}
    - target: {fileID: 23106298503184934, guid: f6db8d52654e53b4e9dc9771b61b0d18,
        type: 2}
      propertyPath: m_Materials.Array.data[0]
      value: 
      objectReference: {fileID: 2100000, guid: 086905c5dda5bdb4da7ec0a29852b56a, type: 2}
    m_RemovedComponents: []
  m_ParentPrefab: {fileID: 100100000, guid: f6db8d52654e53b4e9dc9771b61b0d18, type: 2}
  m_IsPrefabParent: 0
--- !u!4 &2028871875 stripped
Transform:
  m_PrefabParentObject: {fileID: 4928254222731810, guid: f6db8d52654e53b4e9dc9771b61b0d18,
    type: 2}
  m_PrefabInternal: {fileID: 2028871874}
--- !u!1001 &2144337520
Prefab:
  m_ObjectHideFlags: 0
  serializedVersion: 2
  m_Modification:
    m_TransformParent: {fileID: 167174890}
    m_Modifications:
    - target: {fileID: 4928254222731810, guid: f6db8d52654e53b4e9dc9771b61b0d18, type: 2}
      propertyPath: m_LocalPosition.x
      value: -10
      objectReference: {fileID: 0}
    - target: {fileID: 4928254222731810, guid: f6db8d52654e53b4e9dc9771b61b0d18, type: 2}
      propertyPath: m_LocalPosition.y
      value: 50
      objectReference: {fileID: 0}
    - target: {fileID: 4928254222731810, guid: f6db8d52654e53b4e9dc9771b61b0d18, type: 2}
      propertyPath: m_LocalPosition.z
      value: -31.099998
      objectReference: {fileID: 0}
    - target: {fileID: 4928254222731810, guid: f6db8d52654e53b4e9dc9771b61b0d18, type: 2}
      propertyPath: m_LocalRotation.x
      value: -0
      objectReference: {fileID: 0}
    - target: {fileID: 4928254222731810, guid: f6db8d52654e53b4e9dc9771b61b0d18, type: 2}
      propertyPath: m_LocalRotation.y
      value: 0.95167875
      objectReference: {fileID: 0}
    - target: {fileID: 4928254222731810, guid: f6db8d52654e53b4e9dc9771b61b0d18, type: 2}
      propertyPath: m_LocalRotation.z
      value: -0
      objectReference: {fileID: 0}
    - target: {fileID: 4928254222731810, guid: f6db8d52654e53b4e9dc9771b61b0d18, type: 2}
      propertyPath: m_LocalRotation.w
      value: 0.30709544
      objectReference: {fileID: 0}
    - target: {fileID: 4928254222731810, guid: f6db8d52654e53b4e9dc9771b61b0d18, type: 2}
      propertyPath: m_RootOrder
      value: 7
      objectReference: {fileID: 0}
    - target: {fileID: 4928254222731810, guid: f6db8d52654e53b4e9dc9771b61b0d18, type: 2}
      propertyPath: m_LocalScale.z
      value: 100.00009
      objectReference: {fileID: 0}
    - target: {fileID: 4928254222731810, guid: f6db8d52654e53b4e9dc9771b61b0d18, type: 2}
      propertyPath: m_LocalScale.y
      value: 450
      objectReference: {fileID: 0}
    - target: {fileID: 4928254222731810, guid: f6db8d52654e53b4e9dc9771b61b0d18, type: 2}
      propertyPath: m_LocalScale.x
      value: 1.0000002
      objectReference: {fileID: 0}
    - target: {fileID: 1509541811626388, guid: f6db8d52654e53b4e9dc9771b61b0d18, type: 2}
      propertyPath: m_Name
      value: LeftBorder (2)
      objectReference: {fileID: 0}
    - target: {fileID: 4928254222731810, guid: f6db8d52654e53b4e9dc9771b61b0d18, type: 2}
      propertyPath: m_LocalEulerAnglesHint.y
      value: 144.231
      objectReference: {fileID: 0}
    - target: {fileID: 23106298503184934, guid: f6db8d52654e53b4e9dc9771b61b0d18,
        type: 2}
      propertyPath: m_Materials.Array.data[0]
      value: 
      objectReference: {fileID: 2100000, guid: 086905c5dda5bdb4da7ec0a29852b56a, type: 2}
    m_RemovedComponents: []
  m_ParentPrefab: {fileID: 100100000, guid: f6db8d52654e53b4e9dc9771b61b0d18, type: 2}
  m_IsPrefabParent: 0
